@ABNT-options{opcoes,
	abnt-emphasize="\textbf",
	abnt-full-initials="yes"
}